<?xml version="1.0" encoding="UTF-8"?><collection xmlns="http://www.loc.gov/MARC21/slim"><record><leader>00521nam--2200193-u-4500</leader><controlfield tag="001">000052716</controlfield><controlfield tag="002">20161230</controlfield><controlfield tag="005">20161230201050</controlfield><controlfield tag="008">101005s1000------------r-----000-0-eng-d</controlfield><datafield ind1=" " ind2=" " tag="020"><subfield code="a">0750301074</subfield></datafield><datafield ind1=" " ind2=" " tag="040"><subfield code="a">IFIN-HH</subfield></datafield><datafield ind1=" " ind2=" " tag="080"><subfield code="a">533.9.03+07</subfield></datafield><datafield ind1="1" ind2=" " tag="100"><subfield code="a">Geller, R</subfield></datafield><datafield ind1="1" ind2="0" tag="245"><subfield code="a">Electron Cyclotron Resonance Ion Sources and ECR Plasmas</subfield><subfield code="c">R. Geller</subfield></datafield><datafield ind1=" " ind2=" " tag="260"><subfield code="a">Philadelphia</subfield><subfield code="b">Institut of Physics Publishing</subfield><subfield code="c">1996</subfield></datafield><datafield ind1=" " ind2=" " tag="300"><subfield code="a">434 p</subfield></datafield><datafield ind1=" " ind2="4" tag="650"><subfield code="a">Heavy ions</subfield></datafield><datafield ind1=" " ind2=" " tag="852"><subfield code="a">81442</subfield><subfield code="c">533.9</subfield></datafield><datafield ind1=" " ind2=" " tag="CAT"><subfield code="a">Sys</subfield><subfield code="c">20101005</subfield><subfield code="h">102135</subfield></datafield></record></collection>